
@manual{nxp:UM10204,
    organization  = "NXP Semiconductors",
    title         = "I$^{2}$C-bus specification and user manual",
    number        = "UM10204",
    year          =  2014,
    month         =  4,
    day           =  4,    
    note          = "Rev. 6",
    url           = "https://www.nxp.com/docs/en/user-guide/UM10204.pdf"
}

@manual{RS-232,
    title         = "Fundamentals of RS–232 Serial Communications",
    organization  = "Dallas Semiconductor",
    year          =  1998,
    month         =  03,
    note          = "Application Note 83. Archived (PDF) from the original on 2017-03-05. Retrieved 2017-03-05"
}

@manual{RS-485,
    title         = "MAX481/MAX483/MAX485/MAX487–MAX491/MAX1487 Low-Power, Slew-Rate-Limited RS-485/RS-422 Transceivers",
    organization  = "Maxim Integrated",
    year          =  2014,
    month         =  9,
    number        = "19-0122",
    note          = "Rev 10",
    url           = "https://datasheets.maximintegrated.com/en/ds/MAX1487-MAX491.pdf"
}

@manual{nxp:AN2847,
    organization  = "NXP Semiconductors",
    title         = "Using the Serial Peripheral Interface (SPI) eTPU Function",
    number        = "AN2847",
    author        = "Jenifer Scott and Geoff Emerson",
    year          =  2004,
    month         =  10,   
    note          = "Rev. 0",
    url           = "https://www.nxp.com/docs/en/application-note/AN2847.pdf"
}

@manual{one-wire,
    organization  = "Maxim Integrated",
    title         = "Overview of 1-Wire Technology and Its Use",
    number        = "TUTORIAL 1796",
    author        = "Bernhard Linke, Principal Member Technical Staff",
    year          =  2008,
    month         =  6,   
    url           = "https://pdfserv.maximintegrated.com/en/an/Overview_1wire_Technology_use.pdf"
}


@manual{hc-sr04,
	organization  = "ITead Studios",
	title 		  = "Ultrasonic ranging module : HC-SR04",
	year 		  =  2010,
	month 		  =  11,
    day           =  3,
    url           = "https://www.electroschematics.com/wp-content/uploads/2013/07/HC-SR04-datasheet-version-2.pdf"
}

@manual{accel,
    author        = "Doscher James",
    organization  = "Analog Devices",
    title         = "Accelerometer Design and Applications",
    year          =  2008,
    month         =  12,
    note          = "Archived from the original on 13 December 2008.",
    url           = "https://web.archive.org/web/20081213001559/http://www.analog.com/en/technical-library/faqs/design-center/faqs/CU_faq_MEMs/resources/fca.html#2a"
}

@online{gyro,
    organization  = "elprocus",
    title         = "Gyroscope sensor",
    url           = "https://www.elprocus.com/gyroscope-sensor/",
    year          =  2020,
    month         =  2,
    day           =  7
}

@misc{gyro-2,
    title         = {Environmentally robust disc resonator gyroscope},
    author        = {Howard, H Ge and Challoner, A Dorian},
    year          = {2013},
    month         = mar # "~12",
    publisher     = {Google Patents},
    note          = {US Patent 8,393,212}
}

